<record><leader>00000cas a22000007a 4500</leader><controlfield tag="001">228007546</controlfield><controlfield tag="008">080513d19962001gauwr ne      |    0eng c</controlfield><datafield ind1=" " ind2=" " tag="010"><subfield code="a">  2008233688</subfield></datafield><datafield ind1=" " ind2=" " tag="040"><subfield code="a">GUA</subfield><subfield code="b">eng</subfield><subfield code="c">GUA</subfield><subfield code="d">GUA</subfield><subfield code="d">OCLCF</subfield><subfield code="d">OCLCO</subfield></datafield><datafield ind1=" " ind2=" " tag="042"><subfield code="a">msc</subfield></datafield><datafield ind1=" " ind2=" " tag="043"><subfield code="a">n-us-ga</subfield></datafield><datafield ind1="0" ind2="4" tag="245"><subfield code="a">The tri-county journal.</subfield></datafield><datafield ind1=" " ind2=" " tag="260"><subfield code="a">Buena Vista, Ga. :</subfield><subfield code="b">Harris Publications, Inc.</subfield></datafield><datafield ind1=" " ind2=" " tag="300"><subfield code="a">v.</subfield></datafield><datafield ind1=" " ind2=" " tag="310"><subfield code="a">Weekly</subfield></datafield><datafield ind1="1" ind2=" " tag="362"><subfield code="a">Began with January 1996; ceased with December 2001.</subfield></datafield><datafield ind1=" " ind2=" " tag="588"><subfield code="a">Description based on: Vol. 2, no. 23 (July 2, 1997); title from caption.</subfield></datafield><datafield ind1=" " ind2=" " tag="588"><subfield code="a">Latest issue consulted: Vol. 4, no. 49 (Dec. 28, 1999).</subfield></datafield><datafield ind1=" " ind2="4" tag="651"><subfield code="a">Buena Vista (Ga.)</subfield><subfield code="v">Newspapers.</subfield></datafield><datafield ind1=" " ind2="0" tag="651"><subfield code="a">Marion County (Ga.)</subfield><subfield code="v">Newspapers.</subfield></datafield><datafield ind1=" " ind2="0" tag="651"><subfield code="a">Schley County (Ga.)</subfield><subfield code="v">Newspapers.</subfield></datafield><datafield ind1=" " ind2="0" tag="651"><subfield code="a">Webster County (Ga.)</subfield><subfield code="v">Newspapers.</subfield></datafield><datafield ind1=" " ind2="7" tag="655"><subfield code="a">Newspapers.</subfield><subfield code="2">fast</subfield><subfield code="0">(OCoLC)fst01423814</subfield></datafield><datafield ind1=" " ind2="7" tag="651"><subfield code="a">Georgia</subfield><subfield code="z">Marion County.</subfield><subfield code="2">fast</subfield><subfield code="0">(OCoLC)fst01217769</subfield></datafield><datafield ind1=" " ind2="7" tag="651"><subfield code="a">Georgia</subfield><subfield code="z">Schley County.</subfield><subfield code="2">fast</subfield><subfield code="0">(OCoLC)fst01211785</subfield></datafield><datafield ind1=" " ind2="7" tag="651"><subfield code="a">Georgia</subfield><subfield code="z">Webster County.</subfield><subfield code="2">fast</subfield><subfield code="0">(OCoLC)fst01212803</subfield></datafield><datafield ind1=" " ind2=" " tag="752"><subfield code="a">United States</subfield><subfield code="b">Georgia</subfield><subfield code="c">Marion</subfield><subfield code="d">Buena Vista.</subfield></datafield><datafield ind1="0" ind2="0" tag="785"><subfield code="t">Tri-county journal &amp; Chattahoochee chronicle</subfield><subfield code="w">(DLC)  2010233150</subfield><subfield code="w">(OCoLC)681358194</subfield></datafield></record>